<record><leader>00000cas a2200000 a 4500</leader><controlfield tag="001">25441932</controlfield><controlfield tag="008">920311c19679999iluwr ne      0   a0eng c</controlfield><datafield ind1=" " ind2=" " tag="010"><subfield code="a">sn 92053155 </subfield></datafield><datafield ind1=" " ind2=" " tag="040"><subfield code="a">NVF</subfield><subfield code="b">eng</subfield><subfield code="c">NVF</subfield><subfield code="d">NVF</subfield><subfield code="d">OCLCF</subfield><subfield code="d">OCLCO</subfield><subfield code="d">NVF</subfield></datafield><datafield ind1=" " ind2=" " tag="042"><subfield code="a">pcc</subfield></datafield><datafield ind1=" " ind2=" " tag="043"><subfield code="a">n-us-il</subfield></datafield><datafield ind1="0" ind2="0" tag="245"><subfield code="a">Piatt County journal-Republican.</subfield></datafield><datafield ind1="3" ind2=" " tag="246"><subfield code="a">Piatt County journal Republican</subfield></datafield><datafield ind1=" " ind2=" " tag="260"><subfield code="a">Monticello, Ill. :</subfield><subfield code="b">Verle V. Kramer [&amp;] David B. Kramer,</subfield><subfield code="c">1967-</subfield></datafield><datafield ind1=" " ind2=" " tag="300"><subfield code="a">v.</subfield></datafield><datafield ind1=" " ind2=" " tag="310"><subfield code="a">Weekly</subfield></datafield><datafield ind1="0" ind2=" " tag="362"><subfield code="a">Vol. 111, no. 10 (Mar. 9, 1967)-</subfield></datafield><datafield ind1=" " ind2=" " tag="515"><subfield code="a">Continues the numbering of Piatt County journal.</subfield></datafield><datafield ind1=" " ind2=" " tag="580"><subfield code="a">Formed by the union of: Piatt County journal and: Piatt County Republican.</subfield></datafield><datafield ind1=" " ind2="0" tag="651"><subfield code="a">Monticello (Ill.)</subfield><subfield code="v">Newspapers.</subfield></datafield><datafield ind1=" " ind2="0" tag="651"><subfield code="a">Piatt County (Ill.)</subfield><subfield code="v">Newspapers.</subfield></datafield><datafield ind1=" " ind2="7" tag="651"><subfield code="a">Illinois</subfield><subfield code="z">Monticello.</subfield><subfield code="2">fast</subfield><subfield code="0">(OCoLC)fst01212123</subfield></datafield><datafield ind1=" " ind2="7" tag="651"><subfield code="a">Illinois</subfield><subfield code="z">Piatt County.</subfield><subfield code="2">fast</subfield><subfield code="0">(OCoLC)fst01215006</subfield></datafield><datafield ind1=" " ind2="7" tag="655"><subfield code="a">Newspapers.</subfield><subfield code="2">fast</subfield><subfield code="0">(OCoLC)fst01423814</subfield></datafield><datafield ind1=" " ind2=" " tag="752"><subfield code="a">United States</subfield><subfield code="b">Illinois</subfield><subfield code="c">Piatt County</subfield><subfield code="d">Monticello.</subfield></datafield><datafield ind1="1" ind2="4" tag="780"><subfield code="t">Piatt County journal</subfield><subfield code="w">(DLC)sn 82015689</subfield><subfield code="w">(OCoLC)8811481</subfield></datafield><datafield ind1="1" ind2="4" tag="780"><subfield code="t">Piatt County Republican</subfield><subfield code="w">(DLC)sn 87082506</subfield><subfield code="w">(OCoLC)15807840</subfield></datafield><datafield ind1="0" ind2="5" tag="780"><subfield code="t">Bement register (Bement, Ill. : 1890)</subfield><subfield code="w">(DLC)sn 87082252</subfield><subfield code="w">(OCoLC)15227727</subfield></datafield><datafield ind1="1" ind2=" " tag="029"><subfield code="a">AU@</subfield><subfield code="b">000020742544</subfield></datafield></record>